% please dont't modify the "arobase" string commands
% they are used by the scripts to create the "How to cite CGAL" web page
% thanks - Monique

@string{ author_create_page = 0 }
@string{ category_create_page = 0 }
@string{ reduced_year_create_page = 0 }
@string{ complete_year_create_page = 0 }

@string{ index_file_title = "How to cite CGAL" }
@string{ index_page_title = "How to cite CGAL" }

@string{ complete_biblio_file_title = "CGAL Publications sorted by year" }
@string{ complete_biblio_page_title = "CGAL Publications sorted by year" }
@string{ filename_complete_biblio = "how_to_cite_cgal" }

@string{ head_tag.end = "layout.html" }
%@string{ header_of_contents = "header_of_contents" }

@string{ keyword_build_initials_index = 0 }
@string{ keyword_put_initials_in_index = 0 }

@string{ keyword_write_bibtex_abstract = 0 }
@string{ complete_biblio_write_bibtex_abstract = 0 }

@string{ disclaimer_2 = ""}
@STRING{ default_header_of_body = "" }
@STRING{ default_footer_of_contents = ""}
@string{ index_write_author = 0 }
@string{ keyword_write_author = 0 }
@string{ complete_biblio_write_author = 0 }

@string{ index_write_date = 0 }
@string{ keyword_write_date = 0 }
@string{ complete_biblio_write_date = 0 }



@book{ cgal:eb-11b
, title        = "{CGAL} User and Reference Manual"
, author      = "{The CGAL Project}"
, publisher     = "{CGAL Editorial Board}"
, edition     = "{3.9}"
, year         = 2011
, url =    "http://www.cgal.org/Manual/3.9/doc_html/cgal_manual/packages.html"
}


@incollection{cgal:h-af-11b
, author =  "Michael Hemmer"
, title =   "Algebraic Foundations"
, publisher =  "{CGAL Editorial Board}"
, edition =     "{3.9}"
, booktitle =   "{CGAL} User and Reference Manual"
, url = "http://www.cgal.org/Manual/3.9/doc_html/cgal_manual/packages.html#Pkg:AlgebraicFoundations"
, year =        2011
}

@incollection{cgal:bht-ak-11b
, author =  "Eric Berberich and Michael Hemmer and Sylvain Lazard and Luis Pe\~{n}aranda and Monique Teillaud"
, title =   "Algebraic Kernel"
, publisher =  "{CGAL Editorial Board}"
, edition =     "{3.9}"
, booktitle =   "{CGAL} User and Reference Manual"
, url = "http://www.cgal.org/Manual/3.9/doc_html/cgal_manual/packages.html#Pkg:AlgebraicKerneld"
, year =        2011
}

@incollection{cgal:hhkps-nt-11b
, author =  "Michael Hemmer and Susan Hert and Lutz Kettner and Sylvain Pion and Stefan Schirra"
, title =   "Number Types"
, publisher =  "{CGAL Editorial Board}"
, edition =     "{3.9}"
, booktitle =   "{CGAL} User and Reference Manual"
, url = "http://www.cgal.org/Manual/3.9/doc_html/cgal_manual/packages.html#Pkg:NumberTypes"
, year =        2011
}

@incollection{cgal:h-p-11b
, author =  "Michael Hemmer"
, title =   "Polynomial"
, publisher =  "{CGAL Editorial Board}"
, edition =     "{3.9}"
, booktitle =   "{CGAL} User and Reference Manual"
, url = "http://www.cgal.org/Manual/3.9/doc_html/cgal_manual/packages.html#Pkg:Polynomial"
, year =        2011
}

@incollection{cgal:h-ma-11b
, author =  "Michael Hemmer"
, title =   "Modular Arithmetic"
, publisher =  "{CGAL Editorial Board}"
, edition =     "{3.9}"
, booktitle =   "{CGAL} User and Reference Manual"
, url = "http://www.cgal.org/Manual/3.9/doc_html/cgal_manual/packages.html#Pkg:ModularArithmetic"
, year =        2011
}

@incollection{cgal:bfghhkps-lgk23-11b
, author =  "Herv{\'e} Br{\"o}nnimann and Andreas Fabri and Geert-Jan Giezeman and Susan Hert and Michael Hoffmann and Lutz Kettner and Sylvain Pion and Stefan Schirra"
, title =   "{2D} and {3D} Geometry Kernel"
, publisher =  "{CGAL Editorial Board}"
, edition =     "{3.9}"
, booktitle =   "{CGAL} User and Reference Manual"
, url = "http://www.cgal.org/Manual/3.9/doc_html/cgal_manual/packages.html#Pkg:Kernel23"
, year =        2011
}

@incollection{cgal:s-gkd-11b
, author =  "Michael Seel"
, title =   "{dD} Geometry Kernel"
, publisher =  "{CGAL Editorial Board}"
, edition =     "{3.9}"
, booktitle =   "{CGAL} User and Reference Manual"
, url = "http://www.cgal.org/Manual/3.9/doc_html/cgal_manual/packages.html#Pkg:KernelD"
, year =        2011
}

@incollection{cgal:cpt-cgk2-11b
, author =  "Pedro Machado Manh\~{a}es de Castro and Sylvain Pion and Monique Teillaud"
, title =   "{2D} Circular Geometry Kernel"
, publisher =  "{CGAL Editorial Board}"
, edition =     "{3.9}"
, booktitle =   "{CGAL} User and Reference Manual"
, url = "http://www.cgal.org/Manual/3.9/doc_html/cgal_manual/packages.html#Pkg:CircularKernel2"
, year =        2011
}

@incollection{cgal:cclt-sgk3-11b
, author =  "Pedro Machado Manh\~{a}es de Castro and Fr{\'e}d{\'e}ric Cazals and S{\'e}bastien Loriot and Monique Teillaud"
, title =   "{3D} Spherical Geometry Kernel"
, publisher =  "{CGAL Editorial Board}"
, edition =     "{3.9}"
, booktitle =   "{CGAL} User and Reference Manual"
, url = "http://www.cgal.org/Manual/3.9/doc_html/cgal_manual/packages.html#Pkg:SphericalKernel3"
, year =        2011
}

@incollection{cgal:hs-chep2-11b
, author =  "Susan Hert and Stefan Schirra"
, title =   "{2D} Convex Hulls and Extreme Points"
, publisher =  "{CGAL Editorial Board}"
, edition =     "{3.9}"
, booktitle =   "{CGAL} User and Reference Manual"
, url = "http://www.cgal.org/Manual/3.9/doc_html/cgal_manual/packages.html#Pkg:ConvexHull2"
, year =        2011
}

@incollection{cgal:hs-ch3-11b
, author =  "Susan Hert and Stefan Schirra"
, title =   "{3D} Convex Hulls"
, publisher =  "{CGAL Editorial Board}"
, edition =     "{3.9}"
, booktitle =   "{CGAL} User and Reference Manual"
, url = "http://www.cgal.org/Manual/3.9/doc_html/cgal_manual/packages.html#Pkg:ConvexHull3"
, year =        2011
}

@incollection{cgal:gw-p2-11b
, author =  "Geert-Jan Giezeman and Wieger Wesselink"
, title =   "{2D} Polygons"
, publisher =  "{CGAL Editorial Board}"
, edition =     "{3.9}"
, booktitle =   "{CGAL} User and Reference Manual"
, url = "http://www.cgal.org/Manual/3.9/doc_html/cgal_manual/packages.html#Pkg:Polygon2"
, year =        2011
}

@incollection{cgal:h-pp2-11b
, author =  "Susan Hert"
, title =   "{2D} Polygon Partitioning"
, publisher =  "{CGAL Editorial Board}"
, edition =     "{3.9}"
, booktitle =   "{CGAL} User and Reference Manual"
, url = "http://www.cgal.org/Manual/3.9/doc_html/cgal_manual/packages.html#Pkg:PolygonPartitioning2"
, year =        2011
}

@incollection{cgal:hs-chdt3-11b
, author =  "Susan Hert and Michael Seel"
, title =   "{dD} Convex Hulls and {Delaunay} Triangulations"
, publisher =  "{CGAL Editorial Board}"
, edition =     "{3.9}"
, booktitle =   "{CGAL} User and Reference Manual"
, url = "http://www.cgal.org/Manual/3.9/doc_html/cgal_manual/packages.html#Pkg:ConvexHullD"
, year =        2011
}

@incollection{cgal:k-ps-11b
, author =  "Lutz Kettner"
, title =   "{3D} Polyhedral Surfaces"
, publisher =  "{CGAL Editorial Board}"
, edition =     "{3.9}"
, booktitle =   "{CGAL} User and Reference Manual"
, url = "http://www.cgal.org/Manual/3.9/doc_html/cgal_manual/packages.html#Pkg:Polyhedron"
, year =        2011
}

@incollection{cgal:k-hds-11b
, author =  "Lutz Kettner"
, title =   "Halfedge Data Structures"
, publisher =  "{CGAL Editorial Board}"
, edition =     "{3.9}"
, booktitle =   "{CGAL} User and Reference Manual"
, url = "http://www.cgal.org/Manual/3.9/doc_html/cgal_manual/packages.html#Pkg:HDS"
, year =        2011
}

@incollection{cgal:d-cm-11b
, author =  "Guillaume Damiand"
, title =   "Combinatorial Maps"
, publisher =  "{CGAL Editorial Board}"
, edition =     "{3.9}"
, booktitle =   "{CGAL} User and Reference Manual"
, url = "http://www.cgal.org/Manual/3.9/doc_html/cgal_manual/packages.html#Pkg:CombinatorialMaps
, year =        2011
}

@incollection{cgal:fwzh-rbso2-11b
, author =  "Efi Fogel and  Ron Wein and  Baruch Zukerman and Dan Halperin"
, title =   "{2D} Regularized {Boolean} Set-Operations"
, publisher =  "{CGAL Editorial Board}"
, edition =     "{3.9}"
, booktitle =   "{CGAL} User and Reference Manual"
, url = "http://www.cgal.org/Manual/3.9/doc_html/cgal_manual/packages.html#Pkg:BooleanSetOperations2"
, year =        2011
}

@incollection{cgal:w-rms2-11b
, author =  "Ron Wein"
, title =   "{2D} {Minkowski} Sums"
, publisher =  "{CGAL Editorial Board}"
, edition =     "{3.9}"
, booktitle =   "{CGAL} User and Reference Manual"
, url = "http://www.cgal.org/Manual/3.9/doc_html/cgal_manual/packages.html#Pkg:MinkowskiSum2"
, year =        2011
}

@incollection{cgal:s-bonp2-11b
, author =  "Michael Seel"
, title =   "{2D} {Boolean} Operations on {Nef} Polygons"
, publisher =  "{CGAL Editorial Board}"
, edition =     "{3.9}"
, booktitle =   "{CGAL} User and Reference Manual"
, url = "http://www.cgal.org/Manual/3.9/doc_html/cgal_manual/packages.html#Pkg:Nef2"
, year =        2011
}

@incollection{cgal:hk-bonpes2-11b
, author =  "Peter Hachenberger and Lutz Kettner"
, title =   "{2D} {Boolean} Operations on {Nef} Polygons Embedded on the Sphere"
, publisher =  "{CGAL Editorial Board}"
, edition =     "{3.9}"
, booktitle =   "{CGAL} User and Reference Manual"
, url = "http://www.cgal.org/Manual/3.9/doc_html/cgal_manual/packages.html#Pkg:NefS2"
, year =        2011
}

@incollection{cgal:hk-bonp3-11b
, author =  "Peter Hachenberger and Lutz Kettner"
, title =   "{3D} {Boolean} Operations on {Nef} Polyhedra"
, publisher =  "{CGAL Editorial Board}"
, edition =     "{3.9}"
, booktitle =   "{CGAL} User and Reference Manual"
, url = "http://www.cgal.org/Manual/3.9/doc_html/cgal_manual/packages.html#Pkg:Nef3"
, year =        2011
}

@incollection{cgal:h-emspe-11b
, author =  "Peter Hachenberger"
, title =   "Convex Decomposition of Polyhedra"
, publisher =  "{CGAL Editorial Board}"
, edition =     "{3.9}"
, booktitle =   "{CGAL} User and Reference Manual"
, url = "http://www.cgal.org/Manual/3.9/doc_html/cgal_manual/packages.html#Pkg:ConvexDecomposition3"
, year =        2011
}

@incollection{cgal:h-msp3-11b
, author =  "Peter Hachenberger"
, title =   "{3D} {Minkowski} Sum of Polyhedra"
, publisher =  "{CGAL Editorial Board}"
, edition =     "{3.9}"
, booktitle =   "{CGAL} User and Reference Manual"
, url = "http://www.cgal.org/Manual/3.9/doc_html/cgal_manual/packages.html#Pkg:MinkowskiSum3"
, year =        2011
}

@incollection{cgal:c-sspo2-11b
, author =  "Fernando Cacciola"
, title =   "{2D} Straight Skeleton and Polygon Offsetting"
, publisher =  "{CGAL Editorial Board}"
, edition =     "{3.9}"
, booktitle =   "{CGAL} User and Reference Manual"
, url = "http://www.cgal.org/Manual/3.9/doc_html/cgal_manual/packages.html#Pkg:StraightSkeleton2"
, year =        2011
}

@incollection{cgal:wfzh-a2-11b
, author =  "Ron Wein and Efi Fogel and Baruch Zukerman and Dan Halperin"
, title =   "{2D} Arrangements"
, publisher =  "{CGAL Editorial Board}"
, edition =     "{3.9}"
, booktitle =   "{CGAL} User and Reference Manual"
, url = "http://www.cgal.org/Manual/3.9/doc_html/cgal_manual/packages.html#Pkg:Arrangement2"
, year =        2011
}

@incollection{cgal:wfz-ic2-11b
, author =  "Baruch Zukerman and Ron Wein and Efi Fogel"
, title =   "{2D} Intersection of Curves"
, publisher =  "{CGAL Editorial Board}"
, edition =     "{3.9}"
, booktitle =   "{CGAL} User and Reference Manual"
, url = "http://www.cgal.org/Manual/3.9/doc_html/cgal_manual/packages.html#Pkg:IntersectionOfCurves2"
, year =        2011
}

@incollection{cgal:p-sr2-11b
, author =  "Eli Packer"
, title =   "{2D} Snap Rounding"
, publisher =  "{CGAL Editorial Board}"
, edition =     "{3.9}"
, booktitle =   "{CGAL} User and Reference Manual"
, url = "http://www.cgal.org/Manual/3.9/doc_html/cgal_manual/packages.html#Pkg:SnapRounding2"
, year =        2011
}

@incollection{cgal:w-e2-11b
, author =  "Ron Wein"
, title =   "{2D} Envelopes"
, publisher =  "{CGAL Editorial Board}"
, edition =     "{3.9}"
, booktitle =   "{CGAL} User and Reference Manual"
, url = "http://www.cgal.org/Manual/3.9/doc_html/cgal_manual/packages.html#Pkg:Envelope2"
, year =        2011
}

@incollection{cgal:mwz-e3-11b
, author =  "Michal Meyerovitch and Ron Wein and Baruch Zukerman"
, title =   "{3D} Envelopes"
, publisher =  "{CGAL Editorial Board}"
, edition =     "{3.9}"
, booktitle =   "{CGAL} User and Reference Manual"
, url = "http://www.cgal.org/Manual/3.9/doc_html/cgal_manual/packages.html#Pkg:Envelope3"
, year =        2011
}

@incollection{cgal:y-t2-11b
, author =  "Mariette Yvinec"
, title =   "{2D} Triangulations"
, publisher =  "{CGAL Editorial Board}"
, edition =     "{3.9}"
, booktitle =   "{CGAL} User and Reference Manual"
, url = "http://www.cgal.org/Manual/3.9/doc_html/cgal_manual/packages.html#Pkg:Triangulation2"
, year =        2011
}

@incollection{cgal:py-tds2-11b
, author =  "Sylvain Pion and Mariette Yvinec"
, title =   "{2D} Triangulation Data Structure"
, publisher =  "{CGAL Editorial Board}"
, edition =     "{3.9}"
, booktitle =   "{CGAL} User and Reference Manual"
, url = "http://www.cgal.org/Manual/3.9/doc_html/cgal_manual/packages.html#Pkg:TDS2"
, year =        2011
}

@incollection{cgal:pt-t3-11b
, author =  "Sylvain Pion and Monique Teillaud"
, title =   "{3D} Triangulations"
, publisher =  "{CGAL Editorial Board}"
, edition =     "{3.9}"
, booktitle =   "{CGAL} User and Reference Manual"
, url = "http://www.cgal.org/Manual/3.9/doc_html/cgal_manual/packages.html#Pkg:Triangulation3"
, year =        2011
}

@incollection{cgal:pt-tds3-11b
, author =  "Sylvain Pion and Monique Teillaud"
, title =   "{3D} Triangulation Data Structure"
, publisher =  "{CGAL Editorial Board}"
, edition =     "{3.9}"
, booktitle =   "{CGAL} User and Reference Manual"
, url = "http://www.cgal.org/Manual/3.9/doc_html/cgal_manual/packages.html#Pkg:TDS3"
, year =        2011
}

@incollection{cgal:ct-pt3-11b
, author =  "Manuel Caroli and Monique Teillaud"
, title =   "{3D} Periodic Triangulations"
, publisher =  "{CGAL Editorial Board}"
, edition =     "{3.9}"
, booktitle =   "{CGAL} User and Reference Manual"
, url = "http://www.cgal.org/Manual/3.9/doc_html/cgal_manual/packages.html#Pkg:Periodic3Triangulation3"
, year =        2011
}

@incollection{cgal:d-as2-11b
, author =  "Tran Kai Frank Da"
, title =   "{2D} Alpha Shapes"
, publisher =  "{CGAL Editorial Board}"
, edition =     "{3.9}"
, booktitle =   "{CGAL} User and Reference Manual"
, url = "http://www.cgal.org/Manual/3.9/doc_html/cgal_manual/packages.html#Pkg:AlphaShape2"
, year =        2011
}

@incollection{cgal:dy-as3-11b
, author =  "Tran Kai Frank Da and Mariette Yvinec"
, title =   "{3D} Alpha Shapes"
, publisher =  "{CGAL Editorial Board}"
, edition =     "{3.9}"
, booktitle =   "{CGAL} User and Reference Manual"
, url = "http://www.cgal.org/Manual/3.9/doc_html/cgal_manual/packages.html#Pkg:AlphaShapes3"
, year =        2011
}

@incollection{cgal:k-sdg2-11b
, author =  "Menelaos Karavelas"
, title =   "{2D} Segment {Delaunay} Graphs"
, publisher =  "{CGAL Editorial Board}"
, edition =     "{3.9}"
, booktitle =   "{CGAL} User and Reference Manual"
, url = "http://www.cgal.org/Manual/3.9/doc_html/cgal_manual/packages.html#Pkg:SegmentDelaunayGraph2"
, year =        2011
}

@incollection{cgal:ky-ag2-11b
, author =  "Menelaos Karavelas and Mariette Yvinec"
, title =   "{2D} {Apollonius} Graphs ({Delaunay} Graphs of Disks)"
, publisher =  "{CGAL Editorial Board}"
, edition =     "{3.9}"
, booktitle =   "{CGAL} User and Reference Manual"
, url = "http://www.cgal.org/Manual/3.9/doc_html/cgal_manual/packages.html#Pkg:ApolloniusGraph2"
, year =        2011
}

@incollection{cgal:k-vda2-11b
, author =  "Menelaos Karavelas"
, title =   "{2D} {Voronoi} Diagram Adaptor"
, publisher =  "{CGAL Editorial Board}"
, edition =     "{3.9}"
, booktitle =   "{CGAL} User and Reference Manual"
, url = "http://www.cgal.org/Manual/3.9/doc_html/cgal_manual/packages.html#Pkg:VoronoiDiagramAdaptor2"
, Year =        2011
}

@incollection{cgal:r-ctm2-11b
, author =  "Laurent Rineau"
, title =   "{2D} Conforming Triangulations and Meshes"
, publisher =  "{CGAL Editorial Board}"
, edition =     "{3.9}"
, booktitle =   "{CGAL} User and Reference Manual"
, url = "http://www.cgal.org/Manual/3.9/doc_html/cgal_manual/packages.html#Pkg:Mesh2"
, year =        2011
}

@incollection{cgal:ry-smg-11b
, author =  "Laurent Rineau and Mariette Yvinec"
, title =   "{3D} Surface Mesh Generation"
, publisher =  "{CGAL Editorial Board}"
, edition =     "{3.9}"
, booktitle =   "{CGAL} User and Reference Manual"
, url = "http://www.cgal.org/Manual/3.9/doc_html/cgal_manual/packages.html#Pkg:SurfaceMesher3"
, year =        2011
}

@incollection{cgal:asg-srps-11b
, author =  "Pierre Alliez and Laurent Saboret and Gael Guennebaud"
, title =   "Surface Reconstruction from Point Sets"
, publisher =  "{CGAL Editorial Board}"
, edition =     "{3.9}"
, booktitle =   "{CGAL} User and Reference Manual"
, url = "http://www.cgal.org/Manual/3.9/doc_html/cgal_manual/packages.html#Pkg:SurfaceReconstructionFromPointSets"
, year =        2011
}

@incollection{cgal:k-ssm3-11b
, author =  "Nico Kruithof"
, title =   "{3D} Skin Surface Meshing"
, publisher =  "{CGAL Editorial Board}"
, edition =     "{3.9}"
, booktitle =   "{CGAL} User and Reference Manual"
, url = "http://www.cgal.org/Manual/3.9/doc_html/cgal_manual/packages.html#Pkg:SkinSurface3"
, year =        2011
}

@incollection{cgal:rty-m3-11b
, author =  "Pierre Alliez and Laurent Rineau and St\'ephane Tayeb and  Jane Tournois and Mariette Yvinec"
, title =   "{3D} Mesh Generation"
, publisher =  "{CGAL Editorial Board}"
, edition =     "{3.9}"
, booktitle =   "{CGAL} User and Reference Manual"
, url = "http://www.cgal.org/Manual/3.9/doc_html/cgal_manual/packages.html#Pkg:Mesh_3"
, year =        2011
}

@incollection{cgal:s-ssm2-11b
, author =  "Le-Jeng Andy Shiue"
, title =   "{3D} Surface Subdivision Methods"
, publisher =  "{CGAL Editorial Board}"
, edition =     "{3.9}"
, booktitle =   "{CGAL} User and Reference Manual"
, url = "http://www.cgal.org/Manual/3.9/doc_html/cgal_manual/packages.html#Pkg:SurfaceSubdivisionMethods3"
, year =        2011
}

@incollection{cgal:c-tsms-11b
, author =  "Fernando Cacciola"
, title =   "Triangulated Surface Mesh Simplification"
, publisher =  "{CGAL Editorial Board}"
, edition =     "{3.9}"
, booktitle =   "{CGAL} User and Reference Manual"
, url = "http://www.cgal.org/Manual/3.9/doc_html/cgal_manual/packages.html#Pkg:SurfaceMeshSimplification"
, year =        2011
}

@incollection{cgal:sal-pptsm2-11b
, author =  "Laurent Saboret and Pierre Alliez and Bruno L\'evy"
, title =   "Planar Parameterization of Triangulated Surface Meshes"
, publisher =  "{CGAL Editorial Board}"
, edition =     "{3.9}"
, booktitle =   "{CGAL} User and Reference Manual"
, url = "http://www.cgal.org/Manual/3.9/doc_html/cgal_manual/packages.html#Pkg:SurfaceParameterization"
, year =        2011
}

@incollection{cgal:b-ss2-11b
, author =  "Matthias B\"asken"
, title =   "{2D} Range and Neighbor Search"
, publisher =  "{CGAL Editorial Board}"
, edition =     "{3.9}"
, booktitle =   "{CGAL} User and Reference Manual"
, url = "http://www.cgal.org/Manual/3.9/doc_html/cgal_manual/packages.html#Pkg:PointSet2"
, year =        2011
}

@incollection{cgal:n-rstd-11b
, author =  "Gabriele Neyer"
, title =   "{dD} Range and Segment Trees"
, publisher =  "{CGAL Editorial Board}"
, edition =     "{3.9}"
, booktitle =   "{CGAL} User and Reference Manual"
, url = "http://www.cgal.org/Manual/3.9/doc_html/cgal_manual/packages.html#Pkg:RangeSegmentTreesD"
, year =        2011
}

@incollection{cgal:f-isl-11b
, author =  "Andreas Fabri"
, title =   "Interval Skip List"
, publisher =  "{CGAL Editorial Board}"
, edition =     "{3.9}"
, booktitle =   "{CGAL} User and Reference Manual"
, url = "http://www.cgal.org/Manual/3.9/doc_html/cgal_manual/packages.html#Pkg:IntervalSkipList"
, year =        2011
}

@incollection{cgal:tf-ssd-11b
, author =  "Hans Tangelder and Andreas Fabri"
, title =   "{dD} Spatial Searching"
, publisher =  "{CGAL Editorial Board}"
, edition =     "{3.9}"
, booktitle =   "{CGAL} User and Reference Manual"
, url = "http://www.cgal.org/Manual/3.9/doc_html/cgal_manual/packages.html#Pkg:SpatialSearchingD"
, year =        2011
}

@incollection{cgal:kmz-isiobd-11b
, author =  "Lutz Kettner and Andreas Meyer and Afra Zomorodian"
, title =   "Intersecting Sequences of {dD} Iso-oriented Boxes"
, publisher =  "{CGAL Editorial Board}"
, edition =     "{3.9}"
, booktitle =   "{CGAL} User and Reference Manual"
, url = "http://www.cgal.org/Manual/3.9/doc_html/cgal_manual/packages.html#Pkg:BoxIntersectionD"
, year =        2011
}

@incollection{cgal:fghhs-bv-11b
, author =  "Kaspar Fischer and Bernd G{\"a}rtner and Thomas Herrmann and Michael Hoffmann and Sven Sch{\"o}nherr"
, title =   "Bounding Volumes"
, publisher =  "{CGAL Editorial Board}"
, edition =     "{3.9}"
, booktitle =   "{CGAL} User and Reference Manual"
, url = "http://www.cgal.org/Manual/3.9/doc_html/cgal_manual/packages.html#Pkg:BoundingVolumes"
, year =        2011
}

@incollection{cgal:fgsw-lqps-11b
, author =  "Kaspar Fischer and Bernd G{\"a}rtner and Sven Sch{\"o}nherr and Frans Wessendorp"
, title =   "Linear and Quadratic Programming Solver"
, publisher =  "{CGAL Editorial Board}"
, edition =     "{3.9}"
, booktitle =   "{CGAL} User and Reference Manual"
, url = "http://www.cgal.org/Manual/3.9/doc_html/cgal_manual/packages.html#Pkg:QPSolver"
, year =        2011
}

@incollection{cgal:hp-ia-11b
, author =  "Michael Hoffmann and Eli Packer"
, title =   "Inscribed Areas"
, publisher =  "{CGAL Editorial Board}"
, edition =     "{3.9}"
, booktitle =   "{CGAL} User and Reference Manual"
, url = "http://www.cgal.org/Manual/3.9/doc_html/cgal_manual/packages.html#Pkg:InscribedAreas"
, year =        2011
}

@incollection{cgal:fghhs-od-11b
, author =  "Kaspar Fischer and Bernd G{\"a}rtner and Thomas Herrmann and Michael Hoffmann
                and Sven Sch{\"o}nherr"
, title =   "Optimal Distances"
, publisher =  "{CGAL Editorial Board}"
, edition =     "{3.9}"
, booktitle =   "{CGAL} User and Reference Manual"
, url = "http://www.cgal.org/Manual/3.9/doc_html/cgal_manual/packages.html#Pkg:OptimalDistances"
, year =        2011
}

@incollection{cgal:f-i-11b
, author =  "Julia Fl{\"o}totto"
, title =   "{2D} and Surface Function Interpolation"
, publisher =  "{CGAL Editorial Board}"
, edition =     "{3.9}"
, booktitle =   "{CGAL} User and Reference Manual"
, url = "http://www.cgal.org/Manual/3.9/doc_html/cgal_manual/packages.html#Pkg:Interpolation2"
, year =        2011
}

@incollection{cgal:ap-pcad-11b
, author =  "Pierre Alliez and Sylvain Pion and Ankit Gupta"
, title =   "Principal Component Analysis"
, publisher =  "{CGAL Editorial Board}"
, edition =     "{3.9}"
, booktitle =   "{CGAL} User and Reference Manual"
, url = "http://www.cgal.org/Manual/3.9/doc_html/cgal_manual/packages.html#Pkg:PrincipalComponentAnalysisD"
, year =        2011
}

@incollection{cgal:m-ps-11b
, author =  "Abdelkrim Mebarki"
, title =   "{2D} Placement of Streamlines"
, publisher =  "{CGAL Editorial Board}"
, edition =     "{3.9}"
, booktitle =   "{CGAL} User and Reference Manual"
, url = "http://www.cgal.org/Manual/3.9/doc_html/cgal_manual/packages.html#Pkg:PlacementOfStreamlines2"
, year =        2011
}

@incollection{cgal:cp-arutsm-11b
, author =  "Marc Pouget and Fr\'ed\'eric Cazals"
, title =   "Approximation of Ridges and Umbilics on Triangulated Surface Meshes"
, publisher =  "{CGAL Editorial Board}"
, edition =     "{3.9}"
, booktitle =   "{CGAL} User and Reference Manual"
, url = "http://www.cgal.org/Manual/3.9/doc_html/cgal_manual/packages.html#Pkg:Ridges_3"
, year =        2011
}

@incollection{cgal:pc-eldp-11b
, author =  "Marc Pouget and Fr\'ed\'eric Cazals"
, title =   "Estimation of Local Differential Properties"
, publisher =  "{CGAL Editorial Board}"
, edition =     "{3.9}"
, booktitle =   "{CGAL} User and Reference Manual"
, url = "http://www.cgal.org/Manual/3.9/doc_html/cgal_manual/packages.html#Pkg:Jet_fitting_3"
, year =        2011
}

@incollection{cgal:ass-psp-11b
, author =  "Pierre Alliez and Laurent Saboret and Nader Salman"
, title =   "Point Set Processing"
, publisher =  "{CGAL Editorial Board}"
, edition =     "{3.9}"
, booktitle =   "{CGAL} User and Reference Manual"
, url = "http://www.cgal.org/Manual/3.9/doc_html/cgal_manual/packages.html#Pkg:PointSetProcessing"
, year =        2011
}

@incollection{cgal:r-kds-11b
, author =  "Daniel Russel"
, title =   "Kinetic Data Structures"
, publisher =  "{CGAL Editorial Board}"
, edition =     "{3.9}"
, booktitle =   "{CGAL} User and Reference Manual"
, url = "http://www.cgal.org/Manual/3.9/doc_html/cgal_manual/packages.html#Pkg:Kds"
, year =        2011
}

@incollection{cgal:r-kdsf-11b
, author =  "Daniel Russel"
, title =   "Kinetic Framework"
, publisher =  "{CGAL Editorial Board}"
, edition =     "{3.9}"
, booktitle =   "{CGAL} User and Reference Manual"
, url = "http://www.cgal.org/Manual/3.9/doc_html/cgal_manual/packages.html#Pkg:KdsFramework"
, year =        2011
}

@incollection{cgal:cfw-cbgl-11b
, author =  "Andreas Fabri and Fernando Cacciola and Ron Wein"
, title =   "{CGAL} and the {Boost} Graph Library"
, publisher =  "{CGAL Editorial Board}"
, edition =     "{3.9}"
, booktitle =   "{CGAL} User and Reference Manual"
, url = "http://www.cgal.org/Manual/3.9/doc_html/cgal_manual/packages.html#Pkg:BGL"
, year =        2011
}

@incollection{cgal:fs-cbpm-11b
, author =  "Andreas Fabri and Laurent Saboret"
, title =   "{CGAL} and  {Boost} Property Maps"
, publisher =  "{CGAL Editorial Board}"
, edition =     "{3.9}"
, booktitle =   "{CGAL} User and Reference Manual"
, url = "http://www.cgal.org/Manual/3.9/doc_html/cgal_manual/packages.html#Pkg:Property_map"
, year =        2011
}

@incollection{cgal:d-ss-11b
, author =  "Christophe Delage"
, title =   "Spatial Sorting"
, publisher =  "{CGAL Editorial Board}"
, edition =     "{3.9}"
, booktitle =   "{CGAL} User and Reference Manual"
, url = "http://www.cgal.org/Manual/3.9/doc_html/cgal_manual/packages.html#Pkg:SpatialSorting"
, year =        2011
}

@incollection{cgal:atw-aabb-11b
, author =  "Pierre Alliez and St\'ephane Tayeb and Camille Wormser"
, title =   "3D Fast Intersection and Distance Computation (AABB Tree)"
, publisher =  "{CGAL Editorial Board}"
, edition =     "{3.9}"
, booktitle =   "{CGAL} User and Reference Manual"
, url = "http://www.cgal.org/Manual/3.9/doc_html/cgal_manual/packages.html#Pkg:AABB_tree"
, year =        2011
}

@incollection{cgal:h-msms-11b
, author =  "Michael Hoffmann"
, title =   "Monotone and Sorted Matrix Search"
, publisher =  "{CGAL Editorial Board}"
, edition =     "{3.9}"
, booktitle =   "{CGAL} User and Reference Manual"
, url = "http://www.cgal.org/Manual/3.9/doc_html/cgal_manual/packages.html#Pkg:MatrixSearch"
, year =        2011
}

@incollection{cgal:hkpw-se-11b
, author =  "Michael Hoffmann and  Lutz Kettner and Sylvain Pion and Ron Wein"
, title =   "STL Extensions for {CGAL}"
, publisher =  "{CGAL Editorial Board}"
, edition =     "{3.9}"
, booktitle =   "{CGAL} User and Reference Manual" 
, url = "http://www.cgal.org/Manual/3.9/doc_html/cgal_manual/packages.html#Pkg:StlExtension"
, year =        2011
}

@incollection{cgal:dksy-hc-11b
, author =  "Olivier Devillers and Lutz Kettner and Michael Seel and Mariette Yvinec"
, title =   "Handles and Circulators"
, publisher =  "{CGAL Editorial Board}"
, edition =     "{3.9}"
, booktitle =   "{CGAL} User and Reference Manual"
, url = "http://www.cgal.org/Manual/3.9/doc_html/cgal_manual/packages.html#Pkg:HandlesAndCirculators"
, year =        2011
}

@incollection{cgal:hhk-gog-11b
, author =  "Susan Hert and Michael Hoffmann and Lutz Kettner and Sven Sch\"onherr"
, title =   "Geometric Object Generators"
, publisher =  "{CGAL Editorial Board}"
, edition =     "{3.9}"
, booktitle =   "{CGAL} User and Reference Manual"
, url = "http://www.cgal.org/Manual/3.9/doc_html/cgal_manual/packages.html#Pkg:Generators"
, year =        2011
}

@incollection{cgal:kps-pthum-11b
, author =  "Lutz Kettner and Sylvain Pion and Michael Seel"
, title =   "Profiling Tools Timers, Hash Map, Union-find, Modifiers"
, publisher =  "{CGAL Editorial Board}"
, edition =     "{3.9}"
, booktitle =   "{CGAL} User and Reference Manual"
, url = "http://www.cgal.org/Manual/3.9/doc_html/cgal_manual/packages.html#Pkg:ProfilingTools"
, year =        2011
}

@incollection{cgal:fgk-ios-11b
, author =  "Andreas Fabri and Geert-Jan Giezeman and Lutz Kettner"
, title =   "IO Streams"
, publisher =  "{CGAL Editorial Board}"
, edition =     "{3.9}"
, booktitle =   "{CGAL} User and Reference Manual"
, url = "http://www.cgal.org/Manual/3.9/doc_html/cgal_manual/packages.html#Pkg:IOstreams"
, year =        2011
}

@incollection{cgal:fp-gv-11b
, author =  "Andreas Fabri and Sylvain Pion"
, title =   "Geomview"
, publisher =  "{CGAL Editorial Board}"
, edition =     "{3.9}"
, booktitle =   "{CGAL} User and Reference Manual"
, url = "http://www.cgal.org/Manual/3.9/doc_html/cgal_manual/packages.html#Pkg:Geomview"
, year =        2011
}

@incollection{cgal:fr-cqgvf-11b
, author =  "Andreas Fabri and Laurent Rineau"
, title =   "{CGAL} and the Qt Graphics View Framework "
, publisher = "{CGAL Editorial Board}"
, edition =     "{3.9}"
, booktitle =   "{CGAL} User and Reference Manual"
, url = "http://www.cgal.org/Manual/3.9/doc_html/cgal_manual/packages.html#Pkg:GraphicsView"
, year =        2011
}

@incollection{cgal:lp-gi-11b
, author =  "S\'ebastien Loriot and Sylvain Pion"
, title =   "{CGAL} Ipelets "
, publisher =  "{CGAL Editorial Board}"
, edition =     "{3.9}"
, booktitle =   "{CGAL} User and Reference Manual"
, url = "http://www.cgal.org/Manual/3.9/doc_html/cgal_manual/packages.html#Pkg:CGALIpelets"
, year =        2011
}
